<record><leader>00000cas a22000007a 4500</leader><controlfield tag="001">31357316</controlfield><controlfield tag="008">941026d197u197unyuwr ne      0    0eng d</controlfield><datafield ind1=" " ind2=" " tag="010"><subfield code="a">sn 94053336 </subfield></datafield><datafield ind1=" " ind2=" " tag="040"><subfield code="a">CNW</subfield><subfield code="b">eng</subfield><subfield code="c">CNW</subfield><subfield code="d">OCL</subfield><subfield code="d">OCLCQ</subfield><subfield code="d">OCLCF</subfield><subfield code="d">OCLCO</subfield></datafield><datafield ind1="1" ind2=" " tag="029"><subfield code="a">AU@</subfield><subfield code="b">000011357886</subfield></datafield><datafield ind1=" " ind2=" " tag="042"><subfield code="a">msc</subfield></datafield><datafield ind1=" " ind2=" " tag="043"><subfield code="a">f------</subfield></datafield><datafield ind1="0" ind2="0" tag="245"><subfield code="a">Africa &amp; world news.</subfield></datafield><datafield ind1="3" ind2="0" tag="246"><subfield code="a">Africa and world news</subfield></datafield><datafield ind1=" " ind2=" " tag="260"><subfield code="a">New York, NY :</subfield><subfield code="b">D.C. Aharanwa</subfield></datafield><datafield ind1=" " ind2=" " tag="300"><subfield code="a">v.</subfield></datafield><datafield ind1=" " ind2=" " tag="310"><subfield code="a">Weekly</subfield></datafield><datafield ind1=" " ind2=" " tag="588"><subfield code="a">Description based on: Vol. 2, no. 38 (Nov. 8, 1978).</subfield></datafield><datafield ind1=" " ind2="0" tag="650"><subfield code="a">African Americans</subfield><subfield code="x">Civil rights</subfield><subfield code="v">Newspapers.</subfield></datafield><datafield ind1=" " ind2="0" tag="651"><subfield code="a">Africa</subfield><subfield code="v">Newspapers.</subfield></datafield><datafield ind1=" " ind2="7" tag="655"><subfield code="a">Newspapers.</subfield><subfield code="2">fast</subfield><subfield code="0">(OCoLC)fst01423814</subfield></datafield><datafield ind1=" " ind2="7" tag="650"><subfield code="a">African Americans</subfield><subfield code="x">Civil rights.</subfield><subfield code="2">fast</subfield><subfield code="0">(OCoLC)fst00799575</subfield></datafield><datafield ind1=" " ind2="7" tag="651"><subfield code="a">Africa.</subfield><subfield code="2">fast</subfield><subfield code="0">(OCoLC)fst01239509</subfield></datafield><datafield ind1=" " ind2=" " tag="752"><subfield code="a">United States</subfield><subfield code="b">New York</subfield><subfield code="c">New York</subfield><subfield code="d">New York.</subfield></datafield></record>